<?xml version="1.0" encoding="UTF-8"?><collection xmlns="http://www.loc.gov/MARC21/slim"><record><leader>00430nam--2200121-i-4500</leader><controlfield tag="001">000045001</controlfield><controlfield tag="002">20161230</controlfield><controlfield tag="005">20161230201044</controlfield><controlfield tag="008">060222s1000------------r-----000-0-eng-d</controlfield><datafield ind1=" " ind2=" " tag="245"><subfield code="a">Technical summary raport for the 11th japan conf.on radioisotopes. present status of isotope research &amp; development in japan, november 13-15, 1973</subfield></datafield><datafield ind1=" " ind2=" " tag="260"><subfield code="a">Tokyo</subfield></datafield><datafield ind1=" " ind2=" " tag="490"><subfield code="a">F.Loc.,Atomic Energy Soc.Of Japan, 1973. 173 P</subfield></datafield><datafield ind1=" " ind2=" " tag="852"><subfield code="a">621.039.8(061.3)</subfield></datafield></record></collection>